<collection xmlns="http://www.loc.gov/MARC21/slim">
<record>
  <leader>01431nam0a22003011i 450 </leader>
  <controlfield tag="001">IT\ICCU\CNCE\064438</controlfield>
  <controlfield tag="005">20170322000000.0</controlfield>
  <datafield tag="012" ind1=" " ind2=" ">
    <subfield code="a">nuis nono nono mono (C) 1506 (R)</subfield>
    <subfield code="2">fei</subfield>
  </datafield>
  <datafield tag="100" ind1=" " ind2=" ">
    <subfield code="a">20060411d1506        0itac0103    ba</subfield>
  </datafield>
  <datafield tag="101" ind1=" " ind2=" ">
    <subfield code="a">LAT</subfield>
    <subfield code="a">ITA</subfield>
  </datafield>
  <datafield tag="102" ind1=" " ind2=" ">
    <subfield code="a">IT</subfield>
  </datafield>
  <datafield tag="200" ind1="1" ind2=" ">
    <subfield code="a">Riccha profugi Parthenopei Elegia de pace serenissimorum regum Ludouici 12. Galliarum christianissimi: ac Ferrandi Hispanie Sitilieque cactholici \!!</subfield>
  </datafield>
  <datafield tag="210" ind1=" " ind2=" ">
    <subfield code="e">Impressum Cremone</subfield>
    <subfield code="g">per Franciscum Riccardum de Luere</subfield>
    <subfield code="h">1506 die sep. Maii</subfield>
  </datafield>
  <datafield tag="215" ind1=" " ind2=" ">
    <subfield code="a">\6! c.</subfield>
    <subfield code="d">4ʻ</subfield>
  </datafield>
  <datafield tag="620" ind1=" " ind2=" ">
    <subfield code="a">IT</subfield>
    <subfield code="d">Cremona</subfield>
  </datafield>
  <datafield tag="700" ind1=" " ind2="1">
    <subfield code="a">Ricco,</subfield>
    <subfield code="b">Antonio</subfield>
    <subfield code="3">IT\ICCU\CNCA\016442</subfield>
  </datafield>
  <datafield tag="712" ind1="0" ind2="0">
    <subfield code="a">Riccardi, Francesco</subfield>
    <subfield code="3">IT\ICCU\CNCT\001164</subfield>
    <subfield code="4">650</subfield>
  </datafield>
  <datafield tag="790" ind1=" " ind2="1">
    <subfield code="a">Riccho,</subfield>
    <subfield code="b">Antonio</subfield>
    <subfield code="3">IT\ICCU\CNCA\017555</subfield>
    <subfield code="z">Ricco, Antonio</subfield>
  </datafield>
  <datafield tag="791" ind1="0" ind2="0">
    <subfield code="a">Luere, Riccardo Francesco</subfield>
    <subfield code="3">IT\ICCU\CNCT\002302</subfield>
    <subfield code="z">Riccardi, Francesco</subfield>
  </datafield>
  <datafield tag="791" ind1="0" ind2="0">
    <subfield code="a">Riccardo, Francesco</subfield>
    <subfield code="3">IT\ICCU\CNCT\002556</subfield>
    <subfield code="z">Riccardi, Francesco</subfield>
  </datafield>
  <datafield tag="791" ind1="0" ind2="0">
    <subfield code="a">Ricardo, Francesco</subfield>
    <subfield code="3">IT\ICCU\CNCT\005361</subfield>
    <subfield code="z">Riccardi, Francesco</subfield>
  </datafield>
  <datafield tag="791" ind1="0" ind2="0">
    <subfield code="a">Ricardus, Franciscus</subfield>
    <subfield code="3">IT\ICCU\CNCT\005363</subfield>
    <subfield code="z">Riccardi, Francesco</subfield>
  </datafield>
  <datafield tag="791" ind1="0" ind2="0">
    <subfield code="a">Ricardi, Francesco</subfield>
    <subfield code="3">IT\ICCU\CNCT\005365</subfield>
    <subfield code="z">Riccardi, Francesco</subfield>
  </datafield>
  <datafield tag="791" ind1="0" ind2="0">
    <subfield code="a">Ricciardus, Franciscus</subfield>
    <subfield code="3">IT\ICCU\CNCT\005367</subfield>
    <subfield code="z">Riccardi, Francesco</subfield>
  </datafield>
  <datafield tag="801" ind1=" " ind2="3">
    <subfield code="a">IT</subfield>
    <subfield code="b">ICCU</subfield>
    <subfield code="c">20201115</subfield>
  </datafield>
  <datafield tag="899" ind1=" " ind2=" ">
    <subfield code="a">Biblioteca nazionale centrale. Roma</subfield>
    <subfield code="1">RM0267</subfield>
    <subfield code="2">BVE CR</subfield>
  </datafield>
  <datafield tag="899" ind1=" " ind2=" ">
    <subfield code="a">British Library. London</subfield>
    <subfield code="1">UK0001</subfield>
  </datafield>
  <datafield tag="899" ind1=" " ind2=" ">
    <subfield code="a">Biblioteca nazionale Marciana. Venezia</subfield>
    <subfield code="1">VE0049</subfield>
    <subfield code="2">VEA BM</subfield>
  </datafield>
</record>
</collection>
